@Book{xie2015,
  title = {Dynamic Documents with {R} and knitr},
  author = {Yihui Xie},
  publisher = {Chapman and Hall/CRC},
  address = {Boca Raton, Florida},
  year = {2015},
  edition = {2nd},
  note = {ISBN 978-1498716963},
  url = {http://yihui.org/knitr/},
}

@Manual{ARS2013,
  title = {Rainfall Intensity Summarization Tool (RIST) (Version 3.89)},
  author = {ARS},
  publisher = {United States Department of Agriculture},
  year = {2013},
  url = {http://www.ars.usda.gov/Research/docs.htm?docid=3251},
  }